%bibtex entries 

@Book{kn:PP05,
 author    = "Estelle M. Philips and Derek S. Pugh",
 title     = "How to Get a {PhD}",
 publisher = "Open University Press",
 edition   = "{F}ourth",
 year      = 2005,
 isbn      = "0-335-21684-6"
}

@Phdthesis{kn:Fra94-thesis,
 author    = "Franz, M.S.O.",
 title     = "Code-Generation On-the-Fly: A Key to Portable Software",
 school    = "Swiss Federal Institute of Technology Zurich",
 address   = {ETH Z\"urich},
 year      = 1995
}

@Article{kn:ZPMD97,
 author       = "Debora J. Zukowski and Apratim Purakayastha and Ajay Mohindra and Murthy Devarakonda",
 title        = "Metis: A Thin-Client Application Framework",
 organization = "Usenix Association",
 journal      = "Proceedings of the Third Conference on Object-Oriented Technologies and Systems", 
 pages        = "103--114",
 month        = jun,
 year         = 1997
}

@Inproceedings{kn:MVL06-xata,
 author    = "Filipe Marinho and Paulo Viegas and J. Correia Lopes",
 title     = "{SVG} na Visualização de Sinópticos",
 pages     = "99-112",
 booktitle = "{XATA2006}, XML: Aplicações e Tecnologias Associadas (Portalege, 9 e 10 de Fevereiro de 2006)",
 editor    = "José Carlos Ramalho and J. Correia Lopes and Alberto Simões",
 publisher = "Universidade do Minho",
 year      = 2006
}

@Misc{kn:Tha01,
 author       = "Ming Tham",
 title        = "Writing Research Thesis or Dissertations",
 howpublished = "University of Newcastle Upon Tyne. Available at \url{http://lorien.ncl.ac.uk/ming/dept/Tips/writing/thesis/thesis-intro.htm}",
 month        = may,
 year         = 2001
}

@Misc{kn:Lip08,
 author       = "Lipsum",
 title        = "Lorem Ipsum",
 howpublished = "Available at \url{http://www.lipsum.com/}, Accessed last time in May 2008",
 year         = 2008
}

@Misc{kn:svgw3c,
 author       = "{W3C} --- {World Wide Web Consortium}",
 title        = "{W3C} --- {About SVG}",
 howpublished = "Available at \url{http://www.w3.org/TR/SVG/intro.html/}",
 month        = apr,
 year         = 2005
}

@misc{kn:facebook-livestream-stats,
author = {Facebook IQ},
title = {{The Changing Profile of Sports Fans Around The World}},
url = {https://www.facebook.com/business/news/insights/the-changing-profile-of-sports-fans-around-the-world},
howpublished = "Available at \url{https://www.facebook.com/business/news/insights/the-changing-profile-of-sports-fans-around-the-world}",
urldate = {2020/12/22},
year = {2019}
}

@misc{kn:365scores-about,
title = {{365scores}},
url = {https://www.365scores.com/pt/pages/about},
howpublished = "Available at \url{https://www.365scores.com/pt/pages/about}",
urldate = {2020/12/22},
}

@misc{kn:mycujoo-about,
title = {{MyCujoo}},
url = {https://mycujoo.tv/en/about-us},
howpublished = "Available at \url{https://mycujoo.tv/en/about-us}",
urldate = {2020/12/22},
}